

@misc{spf,
	series =	{Request for Comments},
	number =	7208,
	howpublished =	{RFC 7208},
	publisher =	{RFC Editor},
	url =		{https://rfc-editor.org/rfc/rfc7208.txt},
        author =	{Scott Kitterman},
	title =		{{Sender Policy Framework (SPF) for Authorizing Use of Domains in Email, Version 1}},
	year =		2014,
}


@misc{dkim,
	series =	{Request for Comments},
	number =	6376,
	howpublished =	{RFC 6376},
	publisher =	{RFC Editor},
	url =		{https://rfc-editor.org/rfc/rfc6376.txt},
        author =	{Murray Kucherawy and Dave Crocker and Tony Hansen},
	title =		{{DomainKeys Identified Mail (DKIM) Signatures}},
	year =		2011,
}

@misc{dmarc,
	series =	{Request for Comments},
	number =	7489,
	howpublished =	{RFC 7489},
	publisher =	{RFC Editor},
	url =		{https://rfc-editor.org/rfc/rfc7489.txt},
        author =	{Murray Kucherawy and Elizabeth Zwicky},
	title =		{{Domain-based Message Authentication, Reporting, and Conformance (DMARC)}},
	year =		2015,
}

@misc{rfc6763,
	series =	{Request for Comments},
	number =	6763,
	howpublished =	{RFC 6763},
	publisher =	{RFC Editor},
	url =		{https://rfc-editor.org/rfc/rfc6763.txt},
        author =	{Stuart Cheshire and Marc Krochmal},
	title =		{{DNS-Based Service Discovery}},
	year =		2013,
}


@inproceedings{shadowing,
 author = {Liu, Daiping and Li, Zhou and Du, Kun and Wang, Haining and Liu, Baojun and Duan, Haixin},
 title = {Don'T Let One Rotten Apple Spoil the Whole Barrel: Towards Automated Detection of Shadowed Domains},
 booktitle = {Proceedings of the 2017 ACM SIGSAC Conference on Computer and Communications Security},
 series = {CCS '17},
 year = {2017},
 pages = {537--552},
 numpages = {16},
 publisher = {ACM},
} 


@inproceedings{goldberg2015nsec5,
  title={NSEC5: Provably Preventing DNSSEC Zone Enumeration.},
  author={Goldberg, Sharon and Naor, Moni and Papadopoulos, Dimitrios and Reyzin, Leonid and Vasant, Sachin and Ziv, Asaf},
  booktitle={NDSS},
  year={2015}
}

@inproceedings{schomp2013measuring,
  title={On measuring the client-side DNS infrastructure},
  author={Schomp, Kyle and Callahan, Tom and Rabinovich, Michael and Allman, Mark},
  booktitle={Proceedings of the 2013 conference on Internet measurement conference},
  pages={77--90},
  year={2013},
  organization={ACM}
}

@inproceedings{jones2016detecting,
  title={Detecting DNS root manipulation},
  author={Jones, Ben and Feamster, Nick and Paxson, Vern and Weaver, Nicholas and Allman, Mark},
  booktitle={International Conference on Passive and Active Network Measurement},
  pages={276--288},
  year={2016},
  organization={Springer}
}

@inproceedings{fiebig2017something,
  title={Something from nothing (There): collecting global IPv6 datasets from DNS},
  author={Fiebig, Tobias and Borgolte, Kevin and Hao, Shuang and Kruegel, Christopher and Vigna, Giovanni},
  booktitle={International Conference on Passive and Active Network Measurement},
  pages={30--43},
  year={2017},
  organization={Springer}
}

@inproceedings{fiebig2018rdns,
  title={In rDNS We Trust: Revisiting a Common Data-Sourceâ€™s Reliability},
  author={Fiebig, Tobias and Borgolte, Kevin and Hao, Shuang and Kruegel, Christopher and Vigna, Giovanni and Feldmann, Anja},
  booktitle={International Conference on Passive and Active Network Measurement},
  pages={131--145},
  year={2018},
  organization={Springer}
}

@inproceedings{kountouras2016enabling,
  title={Enabling network security through active DNS datasets},
  author={Kountouras, Athanasios and Kintis, Panagiotis and Lever, Chaz and Chen, Yizheng and Nadji, Yacin and Dagon, David and Antonakakis, Manos and Joffe, Rodney},
  booktitle={International Symposium on Research in Attacks, Intrusions, and Defenses},
  pages={188--208},
  year={2016},
  organization={Springer}
}

@inproceedings{dietrich2018investigating,
  title={Investigating System Operators' Perspective on Security Misconfigurations},
  author={Dietrich, Constanze and Krombholz, Katharina and Borgolte, Kevin and Fiebig, Tobias},
  booktitle={The 25th ACM Conference on Computer and Communications Security (CCS'18)},
  year={2018},
  organization={ACM}
}

@inproceedings{borgolte2018cloud,
  title={Cloud strife: mitigating the security risks of domain-validated certificates},
  author={Borgolte, Kevin and Fiebig, Tobias and Hao, Shuang and Kruegel, Christopher and Vigna, Giovanni},
  booktitle={Proceedings of Internet Society Symposium on Network and Distributed System Security (NDSS)},
  year={2018}
}

@article{van2015making,
  title={Making the case for elliptic curves in DNSSEC},
  author={van Rijswijk-Deij, Roland and Sperotto, Anna and Pras, Aiko},
  journal={ACM SIGCOMM Computer Communication Review},
  volume={45},
  number={5},
  pages={13--19},
  year={2015},
  publisher={ACM}
}

@inproceedings{lian2013measuring,
  title={Measuring the Practical Impact of DNSSEC Deployment.},
  author={Lian, Wilson and Rescorla, Eric and Shacham, Hovav and Savage, Stefan},
  booktitle={USENIX Security Symposium},
  pages={573--588},
  year={2013}
}

@inproceedings{wander2013measuring,
  title={Measuring occurrence of DNSSEC validation},
  author={Wander, Matth{\"a}us and Weis, Torben},
  booktitle={International Conference on Passive and Active Network Measurement},
  pages={125--134},
  year={2013},
  organization={Springer}
}

@inproceedings{lever2016domain,
  title={Domain-Z: 28 registrations later measuring the exploitation of residual trust in domains},
  author={Lever, Chaz and Walls, Robert and Nadji, Yacin and Dagon, David and McDaniel, Patrick and Antonakakis, Manos},
  booktitle={Security and Privacy (SP), 2016 IEEE Symposium on},
  pages={691--706},
  year={2016},
  organization={IEEE}
}

@inproceedings{liang2013measuring,
  title={Measuring query latency of top level DNS servers},
  author={Liang, Jinjin and Jiang, Jian and Duan, Haixin and Li, Kang and Wu, Jianping},
  booktitle={International Conference on Passive and Active Network Measurement},
  pages={145--154},
  year={2013},
  organization={Springer}
}

@inproceedings{rasti2015temporal,
  title={Temporal lensing and its application in pulsing denial-of-service attacks},
  author={Rasti, Ryan and Murthy, Mukul and Weaver, Nicholas and Paxson, Vern},
  booktitle={Security and Privacy (SP), 2015 IEEE Symposium on},
  pages={187--198},
  year={2015},
  organization={IEEE}
}

@inproceedings{vissers2017exploring,
  title={Exploring the Ecosystem of Malicious Domain Registrations in the. eu TLD},
  author={Vissers, Thomas and Spooren, Jan and Agten, Pieter and Jumpertz, Dirk and Janssen, Peter and Van Wesemael, Marc and Piessens, Frank and Joosen, Wouter and Desmet, Lieven},
  booktitle={International Symposium on Research in Attacks, Intrusions, and Defenses},
  pages={472--493},
  year={2017},
  organization={Springer}
}

@inproceedings{kuhrer2015going,
  title={Going wild: Large-scale classification of open DNS resolvers},
  author={K{\"u}hrer, Marc and Hupperich, Thomas and Bushart, Jonas and Rossow, Christian and Holz, Thorsten},
  booktitle={Proceedings of the 2015 Internet Measurement Conference},
  pages={355--368},
  year={2015},
  organization={ACM}
}

@inproceedings{chung2017understanding,
  title={Understanding the role of registrars in DNSSEC deployment},
  author={Chung, Taejoong and van Rijswijk-Deij, Roland and Choffnes, David and Levin, Dave and Maggs, Bruce M and Mislove, Alan and Wilson, Christo},
  booktitle={Proceedings of the 2017 Internet Measurement Conference},
  pages={369--383},
  year={2017},
  organization={ACM}
}


@inproceedings{van2014dnssec,
  title={DNSSEC and its potential for DDoS attacks: a comprehensive measurement study},
  author={van Rijswijk-Deij, Roland and Sperotto, Anna and Pras, Aiko},
  booktitle={Proceedings of the 2014 Conference on Internet Measurement Conference},
  pages={449--460},
  year={2014},
  organization={ACM}
}

@inproceedings{moura2016anycast,
  title={Anycast vs. DDoS: Evaluating the November 2015 root DNS event},
  author={Moura, Giovane and Schmidt, Ricardo de O and Heidemann, John and de Vries, Wouter B and Muller, Moritz and Wei, Lan and Hesselman, Cristian},
  booktitle={Proceedings of the 2016 Internet Measurement Conference},
  pages={255--270},
  year={2016},
  organization={ACM}
}

@inproceedings{jonker2016measuring,
  title={Measuring the adoption of DDoS protection services},
  author={Jonker, Mattijs and Sperotto, Anna and van Rijswijk-Deij, Roland and Sadre, Ramin and Pras, Aiko},
  booktitle={Proceedings of the 2016 Internet Measurement Conference},
  pages={279--285},
  year={2016},
  organization={ACM}
}

@inproceedings{lever2013core,
  title={The Core of the Matter: Analyzing Malicious Traffic in Cellular Carriers.},
  author={Lever, Charles and Antonakakis, Manos and Reaves, Bradley and Traynor, Patrick and Lee, Wenke},
  booktitle={NDSS},
  year={2013}
}

@inproceedings{pereira2018dictionary,
  title={Dictionary Extraction and Detection of Algorithmically Generated Domain Names in Passive DNS Traffic},
  author={Pereira, Mayana and Coleman, Shaun and Yu, Bin and DeCock, Martine and Nascimento, Anderson},
  booktitle={International Symposium on Research in Attacks, Intrusions, and Defenses},
  pages={295--314},
  year={2018},
  organization={Springer}
}

@inproceedings{zhang2014mismanagement,
  title={On the Mismanagement and Maliciousness of Networks.},
  author={Zhang, Jing and Durumeric, Zakir and Bailey, Michael and Liu, Mingyan and Karir, Manish},
  booktitle={NDSS},
  year={2014}
}

@inproceedings{fukuda2015detecting,
  title={Detecting malicious activity with DNS backscatter},
  author={Fukuda, Kensuke and Heidemann, John},
  booktitle={Proceedings of the 2015 Internet Measurement Conference},
  pages={197--210},
  year={2015},
  organization={ACM}
}

@inproceedings{macfarland2015characterizing,
  title={Characterizing optimal DNS amplification attacks and effective mitigation},
  author={MacFarland, Douglas C and Shue, Craig A and Kalafut, Andrew J},
  booktitle={International Conference on Passive and Active Network Measurement},
  pages={15--27},
  year={2015},
  organization={Springer}
}

@inproceedings{osterweil2012behavior,
  title={Behavior of DNSâ€™Top Talkers, a. com/. net View},
  author={Osterweil, Eric and McPherson, Danny and DiBenedetto, Steve and Papadopoulos, Christos and Massey, Dan},
  booktitle={Passive and Active Measurement},
  pages={211--220},
  year={2012},
  organization={Springer}
}


@inproceedings{schomp2014assessing,
  title={Assessing DNS vulnerability to record injection},
  author={Schomp, Kyle and Callahan, Tom and Rabinovich, Michael and Allman, Mark},
  booktitle={International Conference on Passive and Active Network Measurement},
  pages={214--223},
  year={2014},
  organization={Springer}
}

@inproceedings{rossow2014amplification,
  title={Amplification Hell: Revisiting Network Protocols for DDoS Abuse.},
  author={Rossow, Christian},
  booktitle={NDSS},
  year={2014}
}

@inproceedings{alrwais2014understanding,
  title={Understanding the Dark Side of Domain Parking.},
  author={Alrwais, Sumayah A and Yuan, Kan and Alowaisheq, Eihal and Li, Zhou and Wang, XiaoFeng},
  booktitle={USENIX Security Symposium},
  pages={207--222},
  year={2014}
}

@inproceedings{plohmann2016comprehensive,
  title={A Comprehensive Measurement Study of Domain Generating Malware.},
  author={Plohmann, Daniel and Yakdan, Khaled and Klatt, Michael and Bader, Johannes and Gerhards-Padilla, Elmar},
  booktitle={USENIX Security Symposium},
  pages={263--278},
  year={2016}
}

@inproceedings{chung2017longitudinal,
  title={A longitudinal, end-to-end view of the DNSSEC ecosystem},
  author={Chung, Taejoong and van Rijswijk-Deij, Roland and Chandrasekaran, Balakrishnan and Choffnes, David and Levin, Dave and Maggs, Bruce M and Mislove, Alan and Wilson, Christo},
  booktitle={USENIX Security},
  year={2017}
}

@inproceedings{pearce2017global,
  title={Global measurement of dns manipulation},
  author={Pearce, Paul and Jones, Ben and Li, Frank and Ensafi, Roya and Feamster, Nick and Weaver, Nick and Paxson, Vern},
  booktitle={USENIX Security Symposium. USENIX},
  pages={22},
  year={2017}
}

@inproceedings{hao2018end,
  title={End-users get maneuvered: empirical analysis of redirection hijacking in content delivery networks},
  author={Hao, Shuai and Zhang, Yubao and Wang, Haining and Stavrou, Angelos},
  booktitle={Proceedings of the 27th USENIX Conference on Security Symposium},
  pages={1129--1145},
  year={2018},
  organization={USENIX Association}
}

@inproceedings{liu2018answering,
  title={Who is answering my queries: understanding and characterizing interception of the DNS resolution path},
  author={Liu, Baojun and Lu, Chaoyi and Duan, Haixin and Liu, Ying and Li, Zhou and Hao, Shuang and Yang, Min},
  booktitle={Proceedings of the 27th USENIX Conference on Security Symposium},
  pages={1113--1128},
  year={2018},
  organization={USENIX Association}
}

@inproceedings{schuppen2018fanci,
  title={FANCI: feature-based automated NXDomain classification and intelligence},
  author={Sch{\"u}ppen, Samuel and Teubert, Dominik and Herrmann, Patrick and Meyer, Ulrike and Sch, Samuel},
  booktitle={Proceedings of the 27th USENIX Conference on Security Symposium},
  pages={1165--1181},
  year={2018},
  organization={USENIX Association}
}

@inproceedings{korczynski2016zone,
  title={Zone poisoning: the how and where of non-secure DNS dynamic updates},
  author={Korczy{\'n}ski, Maciej and Kr{\'o}l, Micha{\l} and van Eeten, Michel},
  booktitle={Proceedings of the 2016 Internet Measurement Conference},
  pages={271--278},
  year={2016},
  organization={ACM}
}

@inproceedings{korczynski2017reputation,
  title={Reputation metrics design to improve intermediary incentives for security of tlds},
  author={Korczynski, Maciej and Tajalizadehkhoob, Samaneh and Noroozian, Arman and Wullink, Maarten and Hesselman, Cristian and van Eeten, Michel},
  booktitle={Security and Privacy (EuroS\&P), 2017 IEEE European Symposium on},
  pages={579--594},
  year={2017},
  organization={IEEE}
}

@inproceedings{zhu2015connection,
  title={Connection-oriented DNS to improve privacy and security},
  author={Zhu, Liang and Hu, Zi and Heidemann, John and Wessels, Duane and Mankin, Allison and Somaiya, Nikita},
  booktitle={Security and Privacy (SP), 2015 IEEE Symposium on},
  pages={171--186},
  year={2015},
  organization={IEEE}
}

@inproceedings{cetin2017make,
  title={Make notifications great again: learning how to notify in the age of large-scale vulnerability scanning},
  author={Cetin, Orcun and Gan{\'a}n, Carlos and Korczynski, Maciej and van Eeten, Michel},
  booktitle={Workshop on the Economy of Information Security},
  year={2017}
}

@MISC {sidn,
   TITLE = "{Stichting Internet Domeinregistratie Netherland (SIDN) Labs}",
   HOWPUBLISHED = "https://www.sidn.nl"
}

@MISC {icann-czds,
   TITLE = "{ICANN: Centralized Zone Data Service}",
   HOWPUBLISHED = "https:// czds.icann.org"
}

@MISC {verisign,
   TITLE = "{TLD Zone File Access for .com, .net and/or .name}",
   HOWPUBLISHED = "\url{https://www.verisign.com/en_US/channel-resources/domain-registry-products/zone-file/index.xhtml}"
}

@MISC {se,
   TITLE = "{Access to zonefiles for .se and .nu}",
   HOWPUBLISHED = "https://www.iis.se/english/domains/tech/zonefiles/"
}

@MISC {alexa,
   TITLE = "{Alexa: Actionable Analytics for the Web}",
   HOWPUBLISHED = "http://www.alexa.com"
}

@MISC {127,
   HOWPUBLISHED = "https://www.icann.org",
   TITLE = "{Name Collision Occurrence Management Framework}",
   month = "July",
   year =  "2014",
}