@misc{,
  author = {},
  howpublished = {},
  month = {},
  title = {},
  year =  {}
}

@misc{bind,
  author = {{Internet Systems Consortium}},
  howpublished = {\url{https://www.isc.org/downloads/bind/}},
  title = {BIND Open Source DNS Server},
}

@inproceedings{gio,
  author    = {Giovane C. M. Moura and
               Carlos Ga{\~{n}}{\'{a}}n and
               Qasim Lone and
               Payam Poursaied and
               Hadi Asghari and
               Michel van Eeten},
  title     = {{How Dynamic is the ISPs Address Space? Towards Internet-wide {DHCP}
               Churn Estimation}},
  booktitle = {Proc. of the 14th {IFIP} Networking Conference},
  pages     = {1--9},
  year      = {2015},
 
}



@misc{rfc5395,
  author = {{D. Eastlake 3rd}},
  title = {{Domain Name System (DNS) IANA Considerations}},
  howpublished = {Internet RFC 5395},
  year = {2008},
  month = {November},
}

@misc{rfc3007,
  author = {B. Wellington},
  howpublished = {Internet RFC 3007},
  month = {November},
  title = {{Secure Domain Name System (DNS) Dynamic Update}},
  year = 2000 ,
}

@misc{incorrect,
  author = {D. Wessels},
  howpublished = {\url{http://dns.measurement-factory.com/surveys/poisoners.html}},
  title = {{DNS Survey: Cache Poisoners}},
  year = 2007 ,
}

@misc{twit,
  author = {Charles Arthur},
  howpublished = {\url{https://www.theguardian.com}},
  title = {{Twitter and New York Times Still Patchy as Registrar Admits SEA Hack}},
  year = {2013},
}


@TECHREPORT{eth,
       Author = {Dittrich, D. and Kenneally, E.}, 
       Title = {{The Menlo Report: Ethical Principles Guiding Information and Communication Technology Research}},
       Institution = {U.S. Department of Homeland Security},
       Month = {August},
       Year = {2012},
}

@misc{shadow,
  author = {Nick Biasini and Joel Esler},
  howpublished = {\url{http://blogs.cisco.com}},
  month = {March},
  title = {{Threat Spotlight: Angler Lurking in the Domain Shadows}},
  year = 2015 ,
}

http://blogs.cisco.com/security/talos/angler-domain-shadowing#executive

@INPROCEEDINGS{Dagon,
    author = {David Dagon and Niels Provos and Christopher P. Lee and Wenke Lee},
    title = {{Corrupted DNS Resolution Paths: The Rise of a Malicious Resolution Authority}},
    booktitle = {Proc. of NDSS},
    year = {2008}
}

@article{survival,
 author = {E. L. Kaplan and Paul Meier},
 journal = {Journal of the American Statistical Association},
 number = {282},
 pages = {457-481},
 publisher = {[American Statistical Association, Taylor & Francis, Ltd.]},
 title = {{Nonparametric Estimation from Incomplete Observations}},
 volume = {53},
 year = {1958}
}

@misc{kas,
  howpublished = {\url{http://www.kaspersky.com}},
  month = {February},
  title = {{Over a Quarter of Phishing Attacks in 2014 Targeted Users' Financial Data}},
  year = 2015,
}

@misc{fpdns,
  howpublished = {\url{https://www.dns-oarc.net/tools/fpdns}},
  title = {{FPDNS-DNS Fingerprinting Tool}},
  year = 2014 ,
}

@misc{apwg,
   HOWPUBLISHED = "\url{http://www.antiphishing.org}",
   TITLE = "{Anti-Phishing Working Group (APWG): Cross-industry Global Group Supporting Tackling the Phishing Menace}",
}

@misc{maxmind,
  howpublished = {\url{https://www.maxmind.com/en/geoip2-services-and-databases}},
  title = {{Maxmind GeoIP}},
}


@MISC {rasmussen,
   TITLE = "{Anti-Phishing Working Group (APWG) Global Phishing Survey: Trends and Domain Name Use in 2H2014}",
   HOWPUBLISHED = {\url{http://internetidentity.com/wp-content/uploads/2015/05/APWG_Global_Phishing_Report_2H_2014.pdf}},
   author={Greg Aaron and Rod Rasmussen},
   year = 2015,
   month = May
}

@MISC {sbw,
   TITLE = "{StopBadware: A Nonprofit Anti-malware Organization.}",
   HOWPUBLISHED = "\url{https://www.stopbadware.org}",
}

@article{hadi,
  title={{Economics of Fighting Botnets: Lessons From a Decade of Mitigation}},
  author={Asghari, Hadi and van Eeten, Michel JG and Bauer, Johannes M},
  journal={IEEE Security \& Privacy},
  number={5},
  pages={16--23},
  year={2015},
  publisher={IEEE}
}

@inproceedings {samaneh,
author = {Samaneh Tajalizadehkhoob and Maciej Korczy\'nski and Arman Noroozian and Carlos Ga{\~n}{\'a}n and Michel van Eeten},
title = {{Apples, Oranges and Hosting Providers: Heterogeneity and Security
in the Hosting Market}},
booktitle = {Proc. of IEEE NOMS},
year = {2016},
publisher = {IEEE Press},
}


@inproceedings{wild,
 author = {K\"{u}hrer, Marc and Hupperich, Thomas and Bushart, Jonas and Rossow, Christian and Holz, Thorsten},
 title = {{Going Wild: Large-Scale Classification of Open DNS Resolvers}},
 booktitle = {Proc. of ACM IMC},
 year = {2015},
 pages = {355--368},
 numpages = {14},
} 

@MISC{alexa1,
   TITLE = "{Alexa Top 1,000,000 Sites}",
   HOWPUBLISHED = {\url{http://s3.amazonaws.com/alexa-static/top-1m.csv.zip}},
   month = {Retrieved March 28, 2016},

}

@MISC{dnsdb,
   TITLE = "{Farsight Security: DNS Database (DNS-DB)}",
   HOWPUBLISHED = "\url{https://www.dnsdb.info}"
}

@MISC{scansio,
   TITLE = {{Internet-Wide Scan Data Repository: DNS Records (ANY)}},
   HOWPUBLISHED = {\url{https://scans.io/study/sonar.fdns}}
}

https://scans.io/study/sonar.fdns

@misc{dan,
  author = {Dan Kaminsky},
  howpublished = {In: Black Hat Conference, \url{http://www.slideshare.net/ dakami/dmk-bo2-k8}},
  month = {August},
  title = {{It's The End Of The Cache As We Know It}},
  year =  2008,
}

@misc{nsd,
  author = {{NLnet Labs}},
  howpublished = {\url{http://www.nlnetlabs.nl/projects/nsd/}},
  title = {{NSD: Name Server Daemon}},
  month = {Retrieved March},
  year = 2016 ,
}

@misc{djbdns,
  author = {Daniel J. Bernstein},
  howpublished = {\url{https://cr.yp.to/djbdns.html}},
  title = {{DJBDNS}},
  month = {Retrieved March},
  year = 2016 ,
}

@misc{eagle,
  author = {Robert Olofsson},
  howpublished = {\url{http://www.unlogic.se/ projects/eagledns}},
  title = {{Eagle DNS}},
  month = {Retrieved March},
  year = 2016 ,
}


@misc{powerdns,
  author = {{PowerDNS}},
  howpublished = {\url{https://doc.powerdns.com/md/authoritative/dnsupdate}},
  title = {{Dynamic DNS Update (RFC2136)}},
  month = {Retrieved March},
  year = 2016 ,
}




@ misc{rfc2078,
  author = {J. Linn},
  title = {{Generic Security Service Application Program Interface, Version 2}},
  howpublished = {Internet RFC 2078 },
  year = {1997},
  month = {January},
}


@misc{rfc3645,
  author = {S. Kwan and P. Garg and J. Gilroy and L. Esibov and J. Westhead and R. Hall},
  title = {{Generic Security Service Algorithm for Secret Key Transaction Authentication for DNS (GSS-TSIG)}},
  howpublished = {Internet RFC 3645},
  year = {2003},
  month = {October},
}


@misc{rfc2743,
  author = {J. Linn},
  title = {Generic Security Service Application Program Interface Version 2, Update 1},
  howpublished = {Internet RFC 2743},
  year = {2000},
  month = {January},
}

@BOOK{DNSandBIND,
	AUTHOR = "Paul Albitz and Cricket Liu",
	TITLE = "DNS and BIND, 4th Edition",
	PUBLISHER = "O'Reilly Media",
        pages = 624,
        YEAR = "2001",
}


@misc{2000DU,
  author = {{Microsoft TechNet}},
  howpublished = {\url{https://technet.microsoft.com/en-us/library/cc959275.aspx}},
  title = {{Dynamic Update and Secure Dynamic Update}},
  year = 2016,
  month = {Retrieved March},
}

@misc{2003DU,
  author = {{Microsoft TechNet}},
  howpublished = {\url{https://technet.microsoft.com/en-us/library/cc784052(v=ws.10).aspx}},
  month = {January},
  title = {Dynamic Update},
  year =  2005,
}

@misc{2008DU,
  author = {{Microsoft TechNet}},
  howpublished = {\url{https://technet.microsoft.com/en-us/library/cc771255.aspx}},
  month = {Retrieved March},
  title = {{Understanding Dynamic Update}},
  year = 2016,
}

@misc{2012DU,
  author = {{Microsoft TechNet}},
  howpublished = {\url{https://technet.microsoft.com/en-us/library/dn305898.aspx}},
  month = {June},
  title = {{What's New in DNS Server}},
  year = 2015,
}

@misc{2008AD,
  author = {{Microsoft TechNet}},
  howpublished = {\url{https://technet.microsoft.com/en-us/library/cc731204(v=ws.10).aspx}},
  title = {{Active Directory-Integrated DNS Zones}},
  year = 2012,
  month = {April},
}


@misc{history,
  author = {{Internet Systems Consortium, Inc.}},
  howpublished = {\url{https://www.isc.org/history-of-bind}},
  title = {{History of BIND}},
  year = 2015,
  month = {January}, 
}

@misc{doc,
  author = {{Univerit{\"a}t T{\"u}bingen}},
  howpublished = {\url{http://astro.uni-tuebingen.de/software/bind}},
  month = {March},
  title = {{BIND Version 8 Online Documentation}},
  year =  1998
}

@misc{isc,
  author = {{Internet Systems Consortium, Inc.}},
  howpublished = {\url{https://www.isc.org/downloads/bind}},
  title = {{BIND -- The Most Widely Used Name Server Software}},
  year =  2015,
  month = {November},
}

@misc{rfc2136,
  author = {Vixie, Paul and Thomson, Susan and Rekhter, Yakov and Bound, Jim},
  howpublished = {Internet RFC 2136},
  month = {April},
  title = {{Dynamic Updates in the Domain Name System (DNS UPDATE)}},
  year = 1997
}


@misc{rfc2137,
  author = {{D. Eastlake 3rd}},
  title = {{Secure Domain Name System Dynamic Update}},
  howpublished = {Internet RFC 2137},
  type = {RFC},
  year = {1997},
  month = {April},
}

@misc{rfc2535,
  author = {{D. Eastlake 3rd}},
  title = {{Domain Name System Security Extensions}},
  howpublished = {Internet RFC 2535},
  year = {1999},
  month = {March},
}

@misc{rfc2845,
  author = {{P. Vixie, O. Gudmundsson, D. Eastlake 3rd, and B. Wellington}},
  title = {{Secret Key Transaction Authentication for DNS {(TSIG)}}},
  howpublished = {Internet RFC 2845},
  year = {2000},
  month = {May},
}


@misc{rfc1035,
  author = {P. Mockapetris},
  title = {{Domain Names - Implementation and Specification}},
  howpublished = {Internet RFC 1035},
  year = {1987},
  month = {November},
}


@misc{rfc1034,
    author = {Mockapetris, Paul},
    howpublished = {Internet RFC 1034},
    title = {{Domain Names - Concepts and Facilities}},
    year = {1987},
    month = {November},
}

@misc{rfc952,
  author = {K. Harrenstien and M.K. Stahl and E.J. Feinler},
  title = {{DoD Internet Host Table Specification}},
  howpublished = {Internet RFC 952},
  year = {1985},
  month = {October},
}

@misc{rfc953,
  author = {K. Harrenstien and M.K. Stahl and E.J. Feinler},
  title = {{Hostname Server}},
  howpublished = {Internet RFC 953},
  year = {1985},
  month = {October},
}


@misc{rfc2131,
  author = {Ralph Droms},
  title = {{Dynamic Host Configuration Protocol}},
  howpublished = {Internet RFC 2131},
  year = {1997},
  month = {March},
}
